<record><leader>00000cas a22000007a 4500</leader><controlfield tag="001">17941736</controlfield><controlfield tag="008">880512d18641870ohuwr ne      0    0eng d</controlfield><datafield ind1=" " ind2=" " tag="010"><subfield code="a">sn 88077504 </subfield></datafield><datafield ind1=" " ind2=" " tag="040"><subfield code="a">ONP</subfield><subfield code="b">eng</subfield><subfield code="c">ONP</subfield><subfield code="d">OCLCQ</subfield></datafield><datafield ind1=" " ind2=" " tag="042"><subfield code="a">msc</subfield></datafield><datafield ind1="0" ind2=" " tag="130"><subfield code="a">Ohio State register (Washington Court House, Ohio : 1864)</subfield></datafield><datafield ind1="1" ind2="4" tag="245"><subfield code="a">The Ohio State register.</subfield></datafield><datafield ind1=" " ind2=" " tag="260"><subfield code="a">Washington [Washington Court House], Fayette County, Ohio :</subfield><subfield code="b">W.C. Gould,</subfield><subfield code="c">-1870.</subfield></datafield><datafield ind1=" " ind2=" " tag="310"><subfield code="a">Weekly</subfield></datafield><datafield ind1="1" ind2=" " tag="362"><subfield code="a">Began in June 1864.</subfield></datafield><datafield ind1="0" ind2=" " tag="362"><subfield code="a">-v. 16, no. 19 (Dec. 29, 1870).</subfield></datafield><datafield ind1=" " ind2=" " tag="588"><subfield code="a">Description based on: Vol. 11, no. 35 (Mar. 8, 1866).</subfield></datafield><datafield ind1=" " ind2=" " tag="752"><subfield code="a">United States</subfield><subfield code="b">Ohio</subfield><subfield code="c">Fayette</subfield><subfield code="d">Washington.</subfield></datafield><datafield ind1=" " ind2=" " tag="752"><subfield code="a">United States</subfield><subfield code="b">Ohio</subfield><subfield code="c">Fayette</subfield><subfield code="d">Washington Court House.</subfield></datafield><datafield ind1="0" ind2="0" tag="780"><subfield code="t">Washington register (Washington Court House, Ohio)</subfield><subfield code="w">(DLC)sn 85038133</subfield></datafield><datafield ind1="0" ind2="0" tag="785"><subfield code="t">Register and people's advocate (Washington Court House, Ohio : 1871)</subfield><subfield code="w">(DLC)sn 85038134</subfield></datafield></record>